<?xml version="1.0" encoding="UTF-8"?><record xmlns="http://www.loc.gov/MARC21/slim" xmlns:cinclude="http://apache.org/cocoon/include/1.0" xmlns:zs="http://www.loc.gov/zing/srw/">
  <leader>00623nz  a2200157n  4500</leader>
  <controlfield tag="001">no2012125657</controlfield>
  <controlfield tag="003">DLC</controlfield>
  <controlfield tag="005">20120921075216.0</controlfield>
  <controlfield tag="008">120919n| acannaabn          |a aaa     c</controlfield>
  <datafield tag="010" ind1=" " ind2=" ">
    <subfield code="a">no2012125657</subfield>
  </datafield>
  <datafield tag="035" ind1=" " ind2=" ">
    <subfield code="a">(OCoLC)oca09306224</subfield>
  </datafield>
  <datafield tag="040" ind1=" " ind2=" ">
    <subfield code="a">NjP</subfield>
    <subfield code="b">eng</subfield>
    <subfield code="c">NjP</subfield>
  </datafield>
  <datafield tag="100" ind1="0" ind2=" ">
    <subfield code="a">Ñico,</subfield>
    <subfield code="d">1935-</subfield>
  </datafield>
  <datafield tag="400" ind1="1" ind2=" ">
    <subfield code="a">Mariño Souto, Antonio,</subfield>
    <subfield code="d">1935-</subfield>
  </datafield>
  <datafield tag="400" ind1="1" ind2=" ">
    <subfield code="a">Souto, Antonio Mariño,</subfield>
    <subfield code="d">1935-</subfield>
  </datafield>
  <datafield tag="670" ind1=" " ind2=" ">
    <subfield code="a">Bosque de rarezas, 2003:</subfield>
    <subfield code="b">t.p. (Ñico) p. 2 (Antonio Mariño Souto; Ñico; b. in Havana, 1935; graduate in plastic arts, Havana; degree in journalism; painter, graphic designer, caricaturist; founding member of UNEA and UPEC in Cuba)</subfield>
  </datafield>
</record>